{
  "leader": "03901cam a2200553Ia 4500",
  "fields": [
    {
      "001": "ocn233808393"
    },
    {
      "003": "OCoLC"
    },
    {
      "005": "20220712115937.0"
    },
    {
      "008": "990830s1999\\\\\\\\iluabch\\\\b\\\\\\\\001\\0\\eng\\\\"
    },
    {
      "040": {
        "ind1": "\\",
        "ind2": "\\",
        "subfields": [
          {
            "a": "Nz"
          },
          {
            "b": "eng"
          },
          {
            "c": "UX1"
          },
          {
            "d": "BAKER"
          },
          {
            "d": "OKU"
          },
          {
            "d": "GEBAY"
          },
          {
            "d": "OCLCQ"
          },
          {
            "d": "BDX"
          },
          {
            "d": "OCLCF"
          },
          {
            "d": "OCLCO"
          },
          {
            "d": "DEBBG"
          },
          {
            "d": "U3G"
          },
          {
            "d": "OCLCQ"
          },
          {
            "d": "NETUE"
          },
          {
            "d": "AOW"
          },
          {
            "d": "UKMGB"
          },
          {
            "d": "OCLCO"
          }
        ]
      }
    },
    {
      "016": {
        "ind1": "7",
        "ind2": "\\",
        "subfields": [
          {
            "a": "006541832"
          },
          {
            "2": "Uk"
          }
        ]
      }
    },
    {
      "019": {
        "ind1": "\\",
        "ind2": "\\",
        "subfields": [
          {
            "a": "628171230"
          },
          {
            "a": "1026986056"
          }
        ]
      }
    },
    {
      "020": {
        "ind1": "\\",
        "ind2": "\\",
        "subfields": [
          {
            "a": "0226000923"
          }
        ]
      }
    },
    {
      "020": {
        "ind1": "\\",
        "ind2": "\\",
        "subfields": [
          {
            "a": "9780226000923"
          }
        ]
      }
    },
    {
      "020": {
        "ind1": "\\",
        "ind2": "\\",
        "subfields": [
          {
            "a": "0226000931"
          },
          {
            "q": "(pbk.)"
          }
        ]
      }
    },
    {
      "020": {
        "ind1": "\\",
        "ind2": "\\",
        "subfields": [
          {
            "a": "9780226000930"
          },
          {
            "q": "(pbk.)"
          }
        ]
      }
    },
    {
      "020": {
        "ind1": "\\",
        "ind2": "\\",
        "subfields": [
          {
            "a": "0226000907"
          }
        ]
      }
    },
    {
      "020": {
        "ind1": "\\",
        "ind2": "\\",
        "subfields": [
          {
            "a": "9780226000909"
          }
        ]
      }
    },
    {
      "020": {
        "ind1": "\\",
        "ind2": "\\",
        "subfields": [
          {
            "a": "0226000915"
          }
        ]
      }
    },
    {
      "020": {
        "ind1": "\\",
        "ind2": "\\",
        "subfields": [
          {
            "a": "9780226000916"
          }
        ]
      }
    },
    {
      "035": {
        "ind1": "\\",
        "ind2": "\\",
        "subfields": [
          {
            "a": "(OCoLC)233808393"
          },
          {
            "z": "(OCoLC)628171230"
          },
          {
            "z": "(OCoLC)1026986056"
          }
        ]
      }
    },
    {
      "041": {
        "ind1": "\\",
        "ind2": "\\",
        "subfields": [
          {
            "a": "eng"
          }
        ]
      }
    },
    {
      "050": {
        "ind1": "1",
        "ind2": "4",
        "subfields": [
          {
            "a": "Q1"
          },
          {
            "b": ".O7 2nd ser. v.14"
          }
        ]
      }
    },
    {
      "082": {
        "ind1": "0",
        "ind2": "4",
        "subfields": [
          {
            "a": "509"
          },
          {
            "b": "COM"
          }
        ]
      }
    },
    {
      "245": {
        "ind1": "0",
        "ind2": "0",
        "subfields": [
          {
            "a": "Commemorative practices in science :"
          },
          {
            "b": "historical perspectives on the politics of collective memory /"
          },
          {
            "c": "edited by Pnina G. Abir-Am and Clark A. Elliot."
          }
        ]
      }
    },
    {
      "260": {
        "ind1": "\\",
        "ind2": "\\",
        "subfields": [
          {
            "a": "Chicago, Ill. :"
          },
          {
            "b": "University of Chicago Press ;"
          },
          {
            "a": "Chichester :"
          },
          {
            "b": "Wiley,"
          },
          {
            "c": "1999."
          }
        ]
      }
    },
    {
      "300": {
        "ind1": "\\",
        "ind2": "\\",
        "subfields": [
          {
            "a": "xii, 383 pages :"
          },
          {
            "b": "illustrations, facsimiles, maps, portraits ;"
          },
          {
            "c": "26 cm."
          }
        ]
      }
    },
    {
      "336": {
        "ind1": "\\",
        "ind2": "\\",
        "subfields": [
          {
            "a": "text"
          },
          {
            "b": "txt"
          },
          {
            "2": "rdacontent"
          }
        ]
      }
    },
    {
      "337": {
        "ind1": "\\",
        "ind2": "\\",
        "subfields": [
          {
            "a": "unmediated"
          },
          {
            "b": "n"
          },
          {
            "2": "rdamedia"
          }
        ]
      }
    },
    {
      "338": {
        "ind1": "\\",
        "ind2": "\\",
        "subfields": [
          {
            "a": "volume"
          },
          {
            "b": "nc"
          },
          {
            "2": "rdacarrier"
          }
        ]
      }
    },
    {
      "490": {
        "ind1": "1",
        "ind2": "\\",
        "subfields": [
          {
            "a": "Osiris,"
          },
          {
            "x": "0369-7827 ;"
          },
          {
            "v": "2nd ser., vol. 14"
          }
        ]
      }
    },
    {
      "504": {
        "ind1": "\\",
        "ind2": "\\",
        "subfields": [
          {
            "a": "Includes bibliographical references and index."
          }
        ]
      }
    },
    {
      "505": {
        "ind1": "0",
        "ind2": "\\",
        "subfields": [
          {
            "a": "pt. 1. Commemorating great minds : scientists as cultural heroes. The Copernican quinquecentennial and its predecessors : historical insights and national agendas / Owen Gingerich -- Claude Bernard and Louis Pasteur : contrasting images through public commemorations / Christiane Sinding -- A focal point for feminism, politics, and science in France : the Cle\u0301ment Royer Centennial celebration of 1930 / Joy Harvery -- Changing practices of commemoration in neurology : comparing Charcot's 1925 and 1993 centennials / Daniela S. Barberis -- Medicine and the culture of commemoration : representing Robert Koch's discovery of the tubercle bacillus / George E. Haddad -- The divided centennial : the 1958 Max Planck celebration(s) in Berlin / Dieter Hoffmann -- pt. 2. Commemorating scientific institutions : the re/production sites of scientific progress. The tercentenary of Harvard University in 1936 : the scientific dimension / Clark A. Elliott -- The Enola Gay affair : what evdience counts when we commemorate historical events? / Stanley Goldberg -- The golden jubilees of Lawrence Berkeley and Los Alamos National Laboratories / Robert W. Seidel -- Commemorative practices at CERN : between physicists' memories and historians' narratives / Dominique Pestre -- pt. 3. Commemorating scientific disciplines : materializing objectivity. Bourbaki's art of memory / Liliane Beaulieu -- Jocular commemorations : the Copenhagen spirit / Mara Beller -- The 1959 Darwin Centennial celebration in America / Vassiliki Betty Smocovitis -- The first American and French commemorations in molecular biology : from collective memory to comaparative history / Pnina G. Abir-Am."
          }
        ]
      }
    },
    {
      "540": {
        "ind1": "\\",
        "ind2": "\\",
        "subfields": [
          {
            "a": "Current Copyright Fee: GBP7.69"
          },
          {
            "c": "0."
          },
          {
            "5": "Uk"
          }
        ]
      }
    },
    {
      "650": {
        "ind1": "\\",
        "ind2": "0",
        "subfields": [
          {
            "a": "Science"
          },
          {
            "x": "History."
          }
        ]
      }
    },
    {
      "650": {
        "ind1": "\\",
        "ind2": "0",
        "subfields": [
          {
            "a": "Discoveries in science."
          }
        ]
      }
    },
    {
      "650": {
        "ind1": "\\",
        "ind2": "0",
        "subfields": [
          {
            "a": "Science and civilization."
          }
        ]
      }
    },
    {
      "650": {
        "ind1": "\\",
        "ind2": "7",
        "subfields": [
          {
            "a": "Discoveries in science."
          },
          {
            "2": "fast"
          },
          {
            "0": "(OCoLC)fst00894959"
          }
        ]
      }
    },
    {
      "650": {
        "ind1": "\\",
        "ind2": "7",
        "subfields": [
          {
            "a": "Science."
          },
          {
            "2": "fast"
          },
          {
            "0": "(OCoLC)fst01108176"
          }
        ]
      }
    },
    {
      "650": {
        "ind1": "\\",
        "ind2": "7",
        "subfields": [
          {
            "a": "Science and civilization."
          },
          {
            "2": "fast"
          },
          {
            "0": "(OCoLC)fst01108517"
          }
        ]
      }
    },
    {
      "655": {
        "ind1": "\\",
        "ind2": "7",
        "subfields": [
          {
            "a": "History."
          },
          {
            "2": "fast"
          },
          {
            "0": "(OCoLC)fst01411628"
          }
        ]
      }
    },
    {
      "700": {
        "ind1": "1",
        "ind2": "\\",
        "subfields": [
          {
            "a": "Abir-Am, Pnina G.,"
          },
          {
            "d": "1947-"
          }
        ]
      }
    },
    {
      "700": {
        "ind1": "1",
        "ind2": "\\",
        "subfields": [
          {
            "a": "Elliot, Clark A."
          }
        ]
      }
    },
    {
      "773": {
        "ind1": "1",
        "ind2": "\\",
        "subfields": [
          {
            "t": "Osiris,"
          },
          {
            "g": "ser.2, v.14"
          }
        ]
      }
    },
    {
      "830": {
        "ind1": "\\",
        "ind2": "0",
        "subfields": [
          {
            "a": "Osiris (Bruges, Belgium) ;"
          },
          {
            "v": "2nd ser., vol. 14."
          },
          {
            "x": "0369-7827"
          }
        ]
      }
    },
    {
      "856": {
        "ind1": "4",
        "ind2": "1",
        "subfields": [
          {
            "3": "Table of contents"
          },
          {
            "u": "http://bvbr.bib-bvb.de:8991/F?func=service&doc_library=BVB01&local_base=BVB01&doc_number=009089965&line_number=0001&func_code=DB_RECORDS&service_type=MEDIA"
          }
        ]
      }
    },
    {
      "994": {
        "ind1": "\\",
        "ind2": "\\",
        "subfields": [
          {
            "a": "Z0"
          },
          {
            "b": "NYRVC"
          }
        ]
      }
    },
    {
      "948": {
        "ind1": "\\",
        "ind2": "\\",
        "subfields": [
          {
            "h": "NO HOLDINGS IN NYRVC - 20 OTHER HOLDINGS"
          }
        ]
      }
    },
    {
      "999": {
        "ind1": "\\",
        "ind2": "\\",
        "subfields": [
          {
            "a": "00000000019579"
          }
        ]
      }
    }
  ]
}